<?xml version="1.0" encoding="utf-8"?>
<record xmlns="http://www.loc.gov/MARC21/slim" xmlns:xsi="http://www.w3.org/2001/XMLSchema-instance" xsi:schemaLocation="http://www.loc.gov/MARC21/slim http://www.loc.gov/standards/marcxml/schema/MARC21slim.xsd">
	<leader>
		01875nam a2200373   4500
	</leader>
	<controlfield tag="001">
		2752636
	</controlfield>
	<controlfield tag="003">
		NNC
	</controlfield>
	<controlfield tag="006">
		m        d        
	</controlfield>
	<controlfield tag="007">
		cr cn |||m|||a
	</controlfield>
	<controlfield tag="008">
		150923s1961    sy a    o     000 0 arard
	</controlfield>
	<datafield ind1=" " ind2=" " tag="040">
		<subfield code="a">
			NNU
		</subfield>
		<subfield code="b">
			eng
		</subfield>
		<subfield code="e">
			rda
		</subfield>
		<subfield code="c">
			NNU
		</subfield>
	</datafield>
	<datafield ind1=" " ind2="4" tag="050">
		<subfield code="a">
			BP187.6.D35
		</subfield>
		<subfield code="b">
			J357 1961
		</subfield>
	</datafield>
	<datafield ind1="1" ind2=" " tag="100">
		<subfield code="6">
			880-01
		</subfield>
		<subfield code="a">
			Ṭanṭāwī, ʻAlī,
		</subfield>
		<subfield code="d">
			1909-
		</subfield>
	</datafield>
	<datafield ind1="1" ind2="3" tag="245">
		<subfield code="6">
			880-02
		</subfield>
		<subfield code="a">
			al-Jāmiʻ al-Umawī fī Dimashq :
		</subfield>
		<subfield code="b">
			waṣf wa-taʼrīkh /
		</subfield>
		<subfield code="c">
			min taʼlīf ʻAlī al-Ṭanṭāwī.
		</subfield>
	</datafield>
	<datafield ind1=" " ind2=" " tag="250">
		<subfield code="6">
			880-03
		</subfield>
		<subfield code="a">
			al-Ṭabʻah 2.
		</subfield>
	</datafield>
	<datafield ind1=" " ind2=" " tag="260">
		<subfield code="6">
			880-04
		</subfield>
		<subfield code="a">
			Dimashq :
		</subfield>
		<subfield code="b">
			Dār al-Fikr,
		</subfield>
		<subfield code="c">
			1961.
		</subfield>
	</datafield>
	<datafield ind1=" " ind2=" " tag="300">
		<subfield code="a">
			online resource (87 pages) :
		</subfield>
		<subfield code="b">
			illustrations
		</subfield>
	</datafield>
	<datafield ind1=" " ind2=" " tag="336">
		<subfield code="a">
			text
		</subfield>
		<subfield code="2">
			rdacontent
		</subfield>
	</datafield>
	<datafield ind1=" " ind2=" " tag="337">
		<subfield code="a">
			computer
		</subfield>
		<subfield code="2">
			rdamedia
		</subfield>
	</datafield>
	<datafield ind1=" " ind2=" " tag="338">
		<subfield code="a">
			online resource
		</subfield>
		<subfield code="2">
			rdacarrier
		</subfield>
	</datafield>
	<datafield ind1=" " ind2=" " tag="500">
		<subfield code="a">
			Part of the Arabic Collections Online (ACO) project, contributed by Columbia University Libraries.
		</subfield>
	</datafield>
	<datafield ind1=" " ind2=" " tag="533">
		<subfield code="a">
			Electronic reproduction.
		</subfield>
		<subfield code="b">
			New York, N.Y. :
		</subfield>
		<subfield code="c">
			New York University,
		</subfield>
		<subfield code="d">
			2015.
		</subfield>
		<subfield code="5">
			NNU
		</subfield>
	</datafield>
	<datafield ind1="2" ind2="0" tag="610">
		<subfield code="a">
			Jāmiʻ al-Umawī al-Kabīr (Damascus, Syria)
		</subfield>
	</datafield>
	<datafield ind1="2" ind2=" " tag="710">
		<subfield code="a">
			Columbia University.
		</subfield>
		<subfield code="b">
			Libraries.
		</subfield>
	</datafield>
	<datafield ind1="0" ind2=" " tag="730">
		<subfield code="a">
			Arabic Collections Online.
		</subfield>
	</datafield>
	<datafield ind1="0" ind2="8" tag="776">
		<subfield code="i">
			Online version:
		</subfield>
		<subfield code="a">
			Ṭanṭāwī, ʻAlī, 1909-
		</subfield>
		<subfield code="t">
			Jāmiʻ al-Umawī fī Dimashq.
		</subfield>
		<subfield code="b">
			al-Ṭabʻah 2.
		</subfield>
		<subfield code="d">
			Dimashq : Dār al-Fikr, 1961
		</subfield>
		<subfield code="w">
			(OCoLC)555455914
		</subfield>
	</datafield>
	<datafield ind1="0" ind2="8" tag="776">
		<subfield code="i">
			Print version:
		</subfield>
		<subfield code="a">
			Ṭanṭāwī, ʻAlī, 1909-
		</subfield>
		<subfield code="t">
			al-Jāmiʻ al-Umawī fī Dimashq
		</subfield>
		<subfield code="w">
			(NNC)2752636
		</subfield>
		<subfield code="w">
			(OCoLC)19643141
		</subfield>
	</datafield>
	<datafield ind1="4" ind2="0" tag="856">
		<subfield code="u">
			http://hdl.handle.net/2333.1/d2547gvr
		</subfield>
	</datafield>
	<datafield ind1="1" ind2=" " tag="880">
		<subfield code="6">
			100-01/r
		</subfield>
		<subfield code="a">
			طنطاوي، علي،
		</subfield>
		<subfield code="d">
			1909
		</subfield>
	</datafield>
	<datafield ind1="1" ind2="2" tag="880">
		<subfield code="6">
			245-02/r
		</subfield>
		<subfield code="a">
			الجامع الاموي في دمشق :
		</subfield>
		<subfield code="b">
			وصف وتأريخ /
		</subfield>
		<subfield code="c">
			من تأليف علي الطنطاوي.
		</subfield>
	</datafield>
	<datafield ind1=" " ind2=" " tag="880">
		<subfield code="6">
			250-03/r
		</subfield>
		<subfield code="a">
			الطبعة 2.
		</subfield>
	</datafield>
	<datafield ind1=" " ind2=" " tag="880">
		<subfield code="6">
			260-04/r
		</subfield>
		<subfield code="a">
			دمشق :
		</subfield>
		<subfield code="b">
			دار الفكر،
		</subfield>
		<subfield code="c">
			1961. 
		</subfield>
	</datafield>
	<datafield ind1=" " ind2=" " tag="959">
		<subfield code="a">
			NNU
		</subfield>
		<subfield code="b">
			WEB
		</subfield>
		<subfield code="c">
			GENI
		</subfield>
		<subfield code="t">
			0
		</subfield>
		<subfield code="m">
			Electronic access
		</subfield>
		<subfield code="s">
			01
		</subfield>
	</datafield>
	<datafield ind1=" " ind2=" " tag="999">
		<subfield code="i">
			NNC_2752636
		</subfield>
		<subfield code="o">
			(OCoLC)ocm19643141
		</subfield>
		<subfield code="s">
			columbia_aco001152
		</subfield>
		<subfield code="e">
			(ERROR-880)
		</subfield>
		<subfield code="s">
			columbia_aco001152
		</subfield>
	</datafield>
</record>
